@book{jaynes2003probability,
  title={Probability Theory: The Logic of Science},
  author={Jaynes, Edwin T.},
  year={2003},
  publisher={Cambridge University Press},
  note={Foundational work on Bayesian probability theory and information-theoretic approaches to uncertainty quantification}
}

@article{shafer1976mathematical,
  title={A Mathematical Theory of Evidence},
  author={Shafer, Glenn},
  year={1976},
  journal={Princeton University Press},
  note={Seminal work on evidence combination and belief functions, foundational to hybrid evidence blending}
}

@article{dempster1967upper,
  title={Upper and Lower Probabilities Induced by a Multivalued Mapping},
  author={Dempster, Arthur P.},
  year={1967},
  journal={The Annals of Mathematical Statistics},
  volume={38},
  number={2},
  pages={325--339},
  note={Original formulation of Dempster-Shafer theory for uncertainty representation}
}

@book{cover2006elements,
  title={Elements of Information Theory},
  author={Cover, Thomas M. and Thomas, Joy A.},
  year={2006},
  publisher={John Wiley \& Sons},
  edition={2nd},
  note={Information-theoretic foundations for entropy regularization and exponential penalty systems}
}

@article{platt1999probabilistic,
  title={Probabilistic Outputs for Support Vector Machines and Comparisons to Regularized Likelihood Methods},
  author={Platt, John C.},
  year={1999},
  journal={Advances in Large Margin Classifiers},
  pages={61--74},
  publisher={MIT Press},
  note={Calibration techniques for machine learning models, relevant to posterior calibration methods}
}

@article{guo2017calibration,
  title={On Calibration of Modern Neural Networks},
  author={Guo, Chuan and Pleiss, Geoff and Sun, Yu and Weinberger, Kilian Q.},
  year={2017},
  journal={International Conference on Machine Learning},
  pages={1321--1330},
  note={Modern approaches to neural network calibration and Expected Calibration Error (ECE) metrics}
}

@book{pearl2009causality,
  title={Causality: Models, Reasoning, and Inference},
  author={Pearl, Judea},
  year={2009},
  publisher={Cambridge University Press},
  edition={2nd},
  note={Foundational work on causal reasoning and probabilistic inference relevant to evidence evaluation}
}

@article{tversky1974judgment,
  title={Judgment Under Uncertainty: Heuristics and Biases},
  author={Tversky, Amos and Kahneman, Daniel},
  year={1974},
  journal={Science},
  volume={185},
  number={4157},
  pages={1124--1131},
  note={Cognitive foundations for understanding human reasoning about uncertainty and risk}
}

@book{bishop2006pattern,
  title={Pattern Recognition and Machine Learning},
  author={Bishop, Christopher M.},
  year={2006},
  publisher={Springer},
  note={Comprehensive treatment of Bayesian methods in machine learning and uncertainty quantification}
}

@article{goodfellow2014generative,
  title={Generative Adversarial Networks},
  author={Goodfellow, Ian J. and Pouget-Abadie, Jean and Mirza, Mehdi and Xu, Bing and Warde-Farley, David and Ozair, Sherjil and Courville, Aaron and Bengio, Yoshua},
  year={2014},
  journal={Advances in Neural Information Processing Systems},
  pages={2672--2680},
  note={Foundational work on adversarial systems relevant to robustness considerations}
}

@book{russell2016artificial,
  title={Artificial Intelligence: A Modern Approach},
  author={Russell, Stuart and Norvig, Peter},
  year={2016},
  publisher={Pearson},
  edition={3rd},
  note={Comprehensive treatment of AI systems including uncertainty reasoning and knowledge representation}
}

@article{bengio2013representation,
  title={Representation Learning: A Review and New Perspectives},
  author={Bengio, Yoshua and Courville, Aaron and Vincent, Pascal},
  year={2013},
  journal={IEEE Transactions on Pattern Analysis and Machine Intelligence},
  volume={35},
  number={8},
  pages={1798--1828},
  note={Modern perspectives on machine learning representations relevant to neural evidence components}
}

@book{mackay2003information,
  title={Information Theory, Inference and Learning Algorithms},
  author={MacKay, David J.C.},
  year={2003},
  publisher={Cambridge University Press},
  note={Integration of information theory, Bayesian inference, and learning algorithms}
}

@article{hinton2006reducing,
  title={Reducing the Dimensionality of Data with Neural Networks},
  author={Hinton, Geoffrey E. and Salakhutdinov, Ruslan R.},
  year={2006},
  journal={Science},
  volume={313},
  number={5786},
  pages={504--507},
  note={Deep learning foundations relevant to neural component modeling}
}

@book{wasserman2004all,
  title={All of Statistics: A Concise Course in Statistical Inference},
  author={Wasserman, Larry},
  year={2004},
  publisher={Springer},
  note={Statistical foundations for confidence intervals and hypothesis testing}
}

@article{lecun2015deep,
  title={Deep Learning},
  author={LeCun, Yann and Bengio, Yoshua and Hinton, Geoffrey},
  year={2015},
  journal={Nature},
  volume={521},
  number={7553},
  pages={436--444},
  note={Modern deep learning perspectives relevant to AI-assisted mathematical reasoning}
}

@book{hastie2009elements,
  title={The Elements of Statistical Learning: Data Mining, Inference, and Prediction},
  author={Hastie, Trevor and Tibshirani, Robert and Friedman, Jerome},
  year={2009},
  publisher={Springer},
  edition={2nd},
  note={Comprehensive treatment of statistical learning methods and model selection}
}

@article{vapnik1999nature,
  title={The Nature of Statistical Learning Theory},
  author={Vapnik, Vladimir N.},
  year={1999},
  journal={Springer},
  edition={2nd},
  note={Theoretical foundations of statistical learning and generalization bounds}
}

@book{koller2009probabilistic,
  title={Probabilistic Graphical Models: Principles and Techniques},
  author={Koller, Daphne and Friedman, Nir},
  year={2009},
  publisher={MIT Press},
  note={Comprehensive treatment of probabilistic models and inference methods}
}

@article{jordan1999introduction,
  title={An Introduction to Variational Methods for Graphical Models},
  author={Jordan, Michael I. and Ghahramani, Zoubin and Jaakkola, Tommi S. and Saul, Lawrence K.},
  year={1999},
  journal={Machine Learning},
  volume={37},
  number={2},
  pages={183--233},
  note={Variational inference methods relevant to approximate Bayesian computation}
}

@book{berger1985statistical,
  title={Statistical Decision Theory and Bayesian Analysis},
  author={Berger, James O.},
  year={1985},
  publisher={Springer},
  edition={2nd},
  note={Decision-theoretic foundations for statistical inference and Bayesian methods}
}

@article{breiman2001random,
  title={Random Forests},
  author={Breiman, Leo},
  year={2001},
  journal={Machine Learning},
  volume={45},
  number={1},
  pages={5--32},
  note={Ensemble methods and uncertainty estimation in machine learning}
}

@book{murphy2012machine,
  title={Machine Learning: A Probabilistic Perspective},
  author={Murphy, Kevin P.},
  year={2012},
  publisher={MIT Press},
  note={Comprehensive probabilistic approach to machine learning and uncertainty quantification}
}

@article{neal1996bayesian,
  title={Bayesian Learning for Neural Networks},
  author={Neal, Radford M.},
  year={1996},
  journal={Springer},
  note={Bayesian approaches to neural network training and uncertainty estimation}
}

@book{robert2007bayesian,
  title={The Bayesian Choice: From Decision-Theoretic Foundations to Computational Implementation},
  author={Robert, Christian P.},
  year={2007},
  publisher={Springer},
  edition={2nd},
  note={Comprehensive treatment of Bayesian decision theory and computational methods}
}

@article{gelman2013bayesian,
  title={Bayesian Data Analysis},
  author={Gelman, Andrew and Carlin, John B. and Stern, Hal S. and Dunson, David B. and Vehtari, Aki and Rubin, Donald B.},
  year={2013},
  journal={Chapman and Hall/CRC},
  edition={3rd},
  note={Modern Bayesian methods and practical implementation techniques}
}

@article{hoffmann2022training,
  title={Training Compute-Optimal Large Language Models},
  author={Hoffmann, Jordan and Borgeaud, Sebastian and Mensch, Arthur and Buchatskaya, Elena and Cai, Trevor and Rutherford, Eliza and Casas, Diego de Las and Hendricks, Lisa Anne and Welbl, Johannes and Clark, Aidan and others},
  year={2022},
  journal={arXiv preprint arXiv:2203.15556},
  note={Foundational work on neural scaling laws and compute-optimal training, relevant to BNSL applications}
}

@article{kaplan2020scaling,
  title={Scaling Laws for Neural Language Models},
  author={Kaplan, Jared and McCandlish, Sam and Henighan, Tom and Brown, Tom B. and Chess, Benjamin and Child, Rewon and Gray, Scott and Radford, Alec and Wu, Jeffrey and Amodei, Dario},
  year={2020},
  journal={arXiv preprint arXiv:2001.08361},
  note={Original neural scaling laws research, foundational to understanding broken scaling behaviors}
}

@article{lam2022learning,
  title={Learning skillful medium-range global weather forecasting},
  author={Lam, Remi and Sanchez-Gonzalez, Alvaro and Willson, Matthew and Wirnsberger, Peter and Fortunato, Meire and Pritzel, Alexander and Ravuri, Suman and Ewalds, Timo and Eaton-Rosen, Zach and Kohli, Pushmeet and others},
  year={2022},
  journal={Science},
  volume={378},
  number={6619},
  pages={1416--1421},
  note={GraphCast: ML-based weather prediction demonstrating hybrid AI-physics approaches}
}

@article{kochkov2021machine,
  title={Machine learning--accelerated computational fluid dynamics},
  author={Kochkov, Dmitrii and Smith, Jamie A. and Alieva, Ayya and Wang, Qing and Brenner, Michael P. and Hoyer, Stephan},
  year={2021},
  journal={Proceedings of the National Academy of Sciences},
  volume={118},
  number={21},
  pages={e2101784118},
  note={Hybrid ML-CFD methods for accelerated fluid dynamics simulations}
}

@article{pathak2022fourcastnet,
  title={FourCastNet: A global data-driven high-resolution weather model using adaptive fourier neural operators},
  author={Pathak, Jaideep and Subramanian, Shashank and Harrington, Peter and Raja, Sanjeev and Chattopadhyay, Ashesh and Mardani, Morteza and Kurth, Thorsten and Hall, David and Li, Zongyi and Azizzadenesheli, Kamyar and others},
  year={2022},
  journal={arXiv preprint arXiv:2202.11214},
  note={Fourier neural operators for weather prediction, demonstrating advanced hybrid modeling}
}

@article{bi2023accurate,
  title={Accurate medium-range global weather forecasting with 3D neural networks},
  author={Bi, Kaifeng and Xie, Lingxi and Zhang, Hengheng and Chen, Xin and Gu, Xiaotao and Tian, Qi},
  year={2023},
  journal={Nature},
  volume={619},
  number={7970},
  pages={533--538},
  note={Pangu-Weather: 3D neural networks for global weather forecasting}
}

@article{strogatz2018nonlinear,
  title={Nonlinear dynamics and chaos: with applications to physics, biology, chemistry, and engineering},
  author={Strogatz, Steven H.},
  year={2018},
  publisher={CRC press},
  edition={2nd},
  note={Foundational text on nonlinear dynamics, relevant to Hopf bifurcations and phase transitions}
}

@book{pope2000turbulent,
  title={Turbulent flows},
  author={Pope, Stephen B.},
  year={2000},
  publisher={Cambridge University Press},
  note={Comprehensive treatment of turbulent flow physics, relevant to vorticity and divergence calculations}
}

@article{duraisamy2019turbulence,
  title={Turbulence modeling in the age of data},
  author={Duraisamy, Karthik and Iaccarino, Gianluca and Xiao, Heng},
  year={2019},
  journal={Annual Review of Fluid Mechanics},
  volume={51},
  pages={357--377},
  note={Modern approaches to turbulence modeling with machine learning integration}
}

@article{brunton2020machine,
  title={Machine learning for fluid mechanics},
  author={Brunton, Steven L. and Noack, Bernd R. and Koumoutsakos, Petros},
  year={2020},
  journal={Annual Review of Fluid Mechanics},
  volume={52},
  pages={477--508},
  note={Comprehensive review of ML applications in fluid mechanics and hybrid modeling}
}

@article{raissi2019physics,
  title={Physics-informed neural networks: A deep learning framework for solving forward and inverse problems involving nonlinear partial differential equations},
  author={Raissi, Maziar and Perdikaris, Paris and Karniadakis, George Em},
  year={2019},
  journal={Journal of Computational Physics},
  volume={378},
  pages={686--707},
  note={Physics-informed neural networks for integrating physical laws with deep learning}
}