### References (all‑inclusive)
- Internal governance and artifacts
  - [GovDocs] Your internal docs: `### How I decide, step by step.md`; `### What “blockers” are`; `Preparing the status update and summary.sty`.
- Decision theory, thresholds, and calibration
  - [Berger1985] Berger, J. O. (1985). Statistical Decision Theory and Bayesian Analysis. [Springer](https://link.springer.com/book/10.1007/978-1-4757-4286-2)
  - [Savage1954] Savage, L. J. (1954). The Foundations of Statistics. [Wiley](https://onlinelibrary.wiley.com/doi/book/10.1002/9781118165639)
  - [GneitingRaftery2007] Gneiting, T., & Raftery, A. E. (2007). Strictly Proper Scoring Rules, Prediction, and Estimation. JRSS‑B. [DOI](https://doi.org/10.1111/j.1467-9868.2007.00587.x)
  - [Platt1999] Platt, J. (1999). Probabilistic Outputs for SVMs and Comparisons to Regularized Likelihood Methods. [MSR Tech Report](https://www.microsoft.com/en-us/research/publication/probabilistic-outputs-for-support-vector-machines-and-comparisons-to-regularized-likelihood-methods/)
  - [ZadroznyElkan2002] Zadrozny, B., & Elkan, C. (2002). Transforming Classifier Scores into Accurate Multiclass Probability Estimates. KDD. [ACM](https://dl.acm.org/doi/10.1145/775047.775151)
  - [Guo2017] Guo, C. et al. (2017). On Calibration of Modern Neural Networks. ICML. [PMLR](https://proceedings.mlr.press/v70/guo17a)
- Exponential risk/penalty modeling and reliability
  - [Cox1972] Cox, D. R. (1972). Regression Models and Life‑Tables. JRSS‑B. [DOI](https://doi.org/10.1111/j.2517-6161.1972.tb00899.x)
  - [BarlowProschan1981] Barlow, R., & Proschan, F. (1981). Statistical Theory of Reliability and Life Testing. [SIAM](https://epubs.siam.org/doi/book/10.1137/1.9781611970435)
- RL and bandits (learning when feedback exists)
  - [SuttonBarto2018] Sutton, R. S., & Barto, A. G. (2018). Reinforcement Learning: An Introduction (2e). [Book](http://incompleteideas.net/book/the-book-2nd.html)
  - [LattimoreSzepesvari2020] Lattimore, T., & Szepesvári, C. (2020). Bandit Algorithms. [Cambridge Open](https://banditalgs.com/)
  - [Auer2002] Auer, P., Cesa‑Bianchi, N., & Fischer, P. (2002). Finite‑time Analysis of the Multiarmed Bandit Problem (UCB). MLJ. [DOI](https://doi.org/10.1023/A:1013689704352)
  - [Achiam2017] Achiam, J. et al. (2017). Constrained Policy Optimization. ICML. [PMLR](https://proceedings.mlr.press/v70/achiam17a.html)
- MCDA and rule‑based preference encoding
  - [KeeneyRaiffa1993] Keeney, R. L., & Raiffa, H. (1993). Decisions with Multiple Objectives. [Cambridge](https://doi.org/10.1017/CBO9781139174084)
  - [Saaty1980] Saaty, T. L. (1980). The Analytic Hierarchy Process. [Springer](https://link.springer.com/book/10.1007/978-1-4613-9715-8)
  - [HwangYoon1981] Hwang, C.‑L., & Yoon, K. (1981). Multiple Attribute Decision Making (TOPSIS). [Springer](https://link.springer.com/book/10.1007/978-3-642-48318-9)
- Alternative evidence frameworks
  - [Shafer1976] Shafer, G. (1976). A Mathematical Theory of Evidence. [Princeton](https://press.princeton.edu/books/paperback/9780691100425/a-mathematical-theory-of-evidence)
  - [Zadeh1965] Zadeh, L. A. (1965). Fuzzy Sets. Information and Control. [ScienceDirect](https://www.sciencedirect.com/science/article/pii/S001999586590241X)
- Softmax/logistic modeling references
  - [Bishop2006] Bishop, C. M. (2006). Pattern Recognition and Machine Learning. [Springer](https://link.springer.com/book/10.1007/978-0-387-45528-0)
  - [Goodfellow2016] Goodfellow, I., Bengio, Y., & Courville, A. (2016). Deep Learning. [MIT Press](https://www.deeplearningbook.org/)
- Operational safety, gating, and reversibility
  - [SRE2016] Beyer, B. et al. (2016). Site Reliability Engineering. [O’Reilly](https://sre.google/books/)
  - [Kleppmann2017] Kleppmann, M. (2017). Designing Data‑Intensive Applications. [Book](https://dataintensive.net/)
  - [Nygard2018] Nygard, M. (2018). Release It! (2e). [PragProg](https://pragprog.com/titles/mnee2/release-it-second-edition/)

