Quick status: I’ll scan your `references.bib` and `citations.bib` to extract all citation keys and return a complete set of in‑text anchors. No blockers.
Ran tool
Ran tool

### In‑text anchors (all‑inclusive)
[GovDocs], [Berger1985], [Savage1954], [GneitingRaftery2007], [Platt1999], [ZadroznyElkan2002], [Guo2017], [Cox1972], [BarlowProschan1981], [SuttonBarto2018], [LattimoreSzepesvari2020], [Auer2002], [Achiam2017], [KeeneyRaiffa1993], [Saaty1980], [HwangYoon1981], [Shafer1976], [Zadeh1965], [Bishop2006], [Goodfellow2016], [SRE2016], [Kleppmann2017], [Nygard2018]

- Pulled every anchor from `references.bib` and `citations.bib`, deduplicated.
[Berger1985], [Savage1954], [GneitingRaftery2007]
[Cox1972], [BarlowProschan1981]
[SuttonBarto2018], [LattimoreSzepesvari2020], [Auer2002]
[KeeneyRaiffa1993], [Saaty1980], [HwangYoon1981]
[SRE2016], [Kleppmann2017], [Nygard2018]
Included a compact, paste‑ready references block with links by category and short anchor tags for in‑text use.
Emphasized your internal governance docs as primary influence; external works justify α‑blend, exponential penalties, calibration, and routing to Bayes/RL/MCDA when warranted.

- Governance (internal)
  - Your docs: `### How I decide, step by step.md`; `### What “blockers” are`; `Preparing the status update and summary.sty`.

- Decision theory and calibration
  - Berger, J. O. (1985). Statistical Decision Theory and Bayesian Analysis. [Springer](https://link.springer.com/book/10.1007/978-1-4757-4286-2)
  - Savage, L. J. (1954). The Foundations of Statistics. [Wiley](https://onlinelibrary.wiley.com/doi/book/10.1002/9781118165639)
  - Gneiting, T., & Raftery, A. E. (2007). Strictly Proper Scoring Rules, Prediction, and Estimation. JRSS‑B. [Paper](https://doi.org/10.1111/j.1467-9868.2007.00587.x)

- Exponential risk/penalties
  - Cox, D. R. (1972). Regression Models and Life‑Tables. JRSS‑B. [Paper](https://doi.org/10.1111/j.2517-6161.1972.tb00899.x)
  - Barlow, R., & Proschan, F. (1981). Statistical Theory of Reliability and Life Testing. [SIAM](https://epubs.siam.org/doi/book/10.1137/1.9781611970435)

- RL/bandits (when feedback exists)
  - Sutton, R. S., & Barto, A. G. (2018). Reinforcement Learning (2e). [Book](http://incompleteideas.net/book/the-book-2nd.html)
  - Lattimore, T., & Szepesvári, C. (2020). Bandit Algorithms. [Cambridge Open](https://banditalgs.com/)
  - Auer, P., Cesa‑Bianchi, N., & Fischer, P. (2002). UCB. MLJ. [Paper](https://doi.org/10.1023/A:1013689704352)

- MCDA/rules (stakeholder tradeoffs/constraints)
  - Keeney, R. L., & Raiffa, H. (1993). Decisions with Multiple Objectives. [Cambridge](https://doi.org/10.1017/CBO9781139174084)
  - Saaty, T. L. (1980). The Analytic Hierarchy Process. [Book](https://link.springer.com/book/10.1007/978-1-4613-9715-8)
  - Hwang, C.‑L., & Yoon, K. (1981). Multiple Attribute Decision Making (TOPSIS). [Springer](https://link.springer.com/book/10.1007/978-3-642-48318-9)

- Operational safety (gating, reversibility)
  - Beyer, B. et al. (2016). Site Reliability Engineering. [O’Reilly](https://sre.google/books/)
  - Kleppmann, M. (2017). Designing Data‑Intensive Applications. [Book](https://dataintensive.net/)
  - Nygard, M. (2018). Release It! (2e). [Book](https://pragprog.com/titles/mnee2/release-it-second-edition/)

### Short in-text anchors (drop into docs)
- [Berger1985], [Savage1954], [GneitingRaftery2007]
- [Cox1972], [BarlowProschan1981]
- [SuttonBarto2018], [LattimoreSzepesvari2020], [Auer2002]
- [KeeneyRaiffa1993], [Saaty1980], [HwangYoon1981]
- [SRE2016], [Kleppmann2017], [Nygard2018]

- Included a compact, paste‑ready references block with links by category and short anchor tags for in‑text use.
- Emphasized your internal governance docs as primary influence; external works justify α‑blend, exponential penalties, calibration, and routing to Bayes/RL/MCDA when warranted.


### References (all‑inclusive)
- Decision theory, thresholds, calibration
  - Berger, J. O. (1985). Statistical Decision Theory and Bayesian Analysis. [Springer](https://link.springer.com/book/10.1007/978-1-4757-4286-2)
  - Savage, L. J. (1954). The Foundations of Statistics. [Wiley](https://onlinelibrary.wiley.com/doi/book/10.1002/9781118165639)
  - Gneiting, T., & Raftery, A. E. (2007). Strictly Proper Scoring Rules, Prediction, and Estimation. JRSS‑B. [DOI](https://doi.org/10.1111/j.1467-9868.2007.00587.x)
  - Platt, J. (1999). Probabilistic Outputs for SVMs. [MSR TR](https://www.microsoft.com/en-us/research/publication/probabilistic-outputs-for-support-vector-machines-and-comparisons-to-regularized-likelihood-methods/)
  - Zadrozny, B., & Elkan, C. (2002). Accurate Multiclass Probability Estimates. KDD. [ACM](https://dl.acm.org/doi/10.1145/775047.775151)
  - Guo, C. et al. (2017). On Calibration of Modern Neural Networks. ICML. [PMLR](https://proceedings.mlr.press/v70/guo17a)

- Exponential risk/penalty modeling and reliability
  - Cox, D. R. (1972). Regression Models and Life‑Tables. JRSS‑B. [DOI](https://doi.org/10.1111/j.2517-6161.1972.tb00899.x)
  - Barlow, R., & Proschan, F. (1981). Statistical Theory of Reliability and Life Testing. [SIAM](https://epubs.siam.org/doi/book/10.1137/1.9781611970435)

- RL and bandits (learning with feedback)
  - Sutton, R. S., & Barto, A. G. (2018). Reinforcement Learning (2e). [Book](http://incompleteideas.net/book/the-book-2nd.html)
  - Lattimore, T., & Szepesvári, C. (2020). Bandit Algorithms. [Cambridge Open](https://banditalgs.com/)
  - Auer, P., Cesa‑Bianchi, N., & Fischer, P. (2002). Finite‑time Analysis of the Multiarmed Bandit Problem (UCB). MLJ. [DOI](https://doi.org/10.1023/A:1013689704352)
  - Achiam, J. et al. (2017). Constrained Policy Optimization. ICML. [PMLR](https://proceedings.mlr.press/v70/achiam17a.html)

- MCDA and rule‑based preference encoding
  - Keeney, R. L., & Raiffa, H. (1993). Decisions with Multiple Objectives. [Cambridge](https://doi.org/10.1017/CBO9781139174084)
  - Saaty, T. L. (1980). The Analytic Hierarchy Process. [Springer](https://link.springer.com/book/10.1007/978-1-4613-9715-8)
  - Hwang, C.‑L., & Yoon, K. (1981). Multiple Attribute Decision Making (TOPSIS). [Springer](https://link.springer.com/book/10.1007/978-3-642-48318-9)

- Alternative evidence frameworks
  - Shafer, G. (1976). A Mathematical Theory of Evidence. [Princeton](https://press.princeton.edu/books/paperback/9780691100425/a-mathematical-theory-of-evidence)
  - Zadeh, L. A. (1965). Fuzzy Sets. Information and Control. [ScienceDirect](https://www.sciencedirect.com/science/article/pii/S001999586590241X)

- Nonlinear blends (softmax/logistic) context
  - Bishop, C. M. (2006). Pattern Recognition and Machine Learning. [Springer](https://link.springer.com/book/10.1007/978-0-387-45528-0)
  - Goodfellow, I., Bengio, Y., & Courville, A. (2016). Deep Learning. [MIT Press](https://www.deeplearningbook.org/)

- Operational safety, gating, reversibility
  - Beyer, B. et al. (2016). Site Reliability Engineering. [O’Reilly](https://sre.google/books/)
  - Kleppmann, M. (2017). Designing Data‑Intensive Applications. [Book](https://dataintensive.net/)
  - Nygard, M. (2018). Release It! (2e). [PragProg](https://pragprog.com/titles/mnee2/release-it-second-edition/)

- Included a clean, categorized, external‑only references list ready to paste into your doc.